@misc{Makingth32:online,
author = {},
title = {Making the Tokio scheduler 10x faster | Tokio - An asynchronous Rust runtime},
howpublished = {\url{https://tokio.rs/blog/2019-10-scheduler}},
month = {},
year = {},
note = {(Accessed on 08/02/2022)}
}

@misc{Concurre6:online,
author = {},
title = {Concurrent Programming with Async - Real World OCaml},
howpublished = {\url{https://dev.realworldocaml.org/concurrent-programming.html}},
month = {},
year = {},
note = {(Accessed on 08/03/2022)}
}

@misc{TheAsync92:online,
author = {},
title = {The Async Ecosystem - Asynchronous Programming in Rust},
howpublished = {\url{https://rust-lang.github.io/async-book/08_ecosystem/00_chapter.html}},
month = {},
year = {},
note = {(Accessed on 08/03/2022)}
}

@misc{Awaitexp35:online,
author = {},
title = {Await expressions - The Rust Reference},
howpublished = {\url{https://doc.rust-lang.org/reference/expressions/await-expr.html}},
month = {},
year = {},
note = {(Accessed on 08/03/2022)}
}

@misc{asyncRus3:online,
author = {},
title = {async - Rust},
howpublished = {\url{https://doc.rust-lang.org/std/keyword.async.html}},
month = {},
year = {},
note = {(Accessed on 08/03/2022)}
}

@misc{AsyncRus83:online,
author = {},
title = {Async Rust: What is a runtime? Here is how tokio works under the hood},
howpublished = {\url{https://kerkour.com/rust-async-await-what-is-a-runtime}},
month = {},
year = {},
note = {(Accessed on 08/03/2022)}
}

@misc{Makingth23:online,
author = {},
title = {Making the Tokio scheduler 10x faster | Tokio - An asynchronous Rust runtime},
howpublished = {\url{https://tokio.rs/blog/2019-10-scheduler}},
month = {},
year = {},
note = {(Accessed on 08/03/2022)}
}

@misc{tokioexe87:online,
author = {},
title = {tokio::executor - Rust},
howpublished = {\url{hhttps://docs.rs/tokio/latest/tokio/runtime/index.html}},
month = {},
year = {},
note = {(Accessed on 08/03/2022)}
}

@misc{spawnint88:online,
author = {},
title = {spawn in tokio - Rust},
howpublished = {\url{https://docs.rs/tokio/latest/tokio/fn.spawn.html}},
month = {},
year = {},
note = {(Accessed on 08/03/2022)}
}

@misc{maininto61:online,
author = {},
title = {main in tokio - Rust},
howpublished = {\url{https://docs.rs/tokio/latest/tokio/attr.main.html}},
month = {},
year = {},
note = {(Accessed on 08/03/2022)}
}