@inproceedings{kahlon2010universal,
  title={Universal causality graphs: A precise happens-before model for detecting bugs in concurrent programs},
  author={Kahlon, Vineet and Wang, Chao},
  booktitle={International Conference on Computer Aided Verification},
  pages={434--449},
  year={2010},
  organization={Springer}
}

@incollection{lamport2019time,
  title={Time, clocks, and the ordering of events in a distributed system},
  author={Lamport, Leslie},
  booktitle={Concurrency: the Works of Leslie Lamport},
  pages={179--196},
  year={2019}
}
